
@InProceedings{Hana2012,
  author = {Jirka Hana and Alexandr Rosen and Barbora Štindlová and Petr Jäger},
  title = {Building a learner corpus},
  booktitle = {Proceedings of the Eighth International Conference on Language Resources and Evaluation (LREC'12)},
  year = {2012},
  month = {may},
  date = {23-25},
  address = {Istanbul, Turkey},
  editor = {Nicoletta Calzolari (Conference Chair) and Khalid Choukri and Thierry Declerck and Mehmet Uğur Doğan and Bente Maegaard and Joseph Mariani and Asuncion Moreno and Jan Odijk and Stelios Piperidis},
  publisher = {European Language Resources Association (ELRA)},
  isbn = {978-2-9517408-7-7},
  language = {english}
 }

@Article{Hana2014,
author="Hana, Jirka
and Rosen, Alexandr
and {\v{S}}tindlov{\'a}, Barbora
and {\v{S}}t{\v{e}}p{\'a}nek, Jan",
title="Building a learner corpus",
journal="Language Resources and Evaluation",
year="2014",
_month="Dec",
day="01",
volume="48",
number="4",
pages="741--752",
abstract="The need for data about the acquisition of Czech by non-native learners prompted the compilation of the first learner corpus of Czech. After introducing its basic design and parameters, including a multi-tier manual annotation scheme and error taxonomy, we focus on the more technical aspects: the transcription of hand-written source texts, process of annotation, and options for exploiting the result, together with tools used for these tasks and decisions behind the choices. To support or even substitute manual annotation we assign some error tags automatically and use automatic annotation tools (tagger, spell checker).",
issn="1574-0218",
doi="10.1007/s10579-014-9278-z",
url="https://doi.org/10.1007/s10579-014-9278-z"
}

@article{ShapiraStorer2007,
title = "Edit distance with move operations",
journal = "Journal of Discrete Algorithms",
volume = "5",
number = "2",
pages = "380--392",
year = "2007",
note = "2004 Symposium on String Processing and Information Retrieval",
issn = "1570-8667",
doi = "https://doi.org/10.1016/j.jda.2005.01.010",
url = "http://www.sciencedirect.com/science/article/pii/S157086670600030X",
author = "Dana Shapira and James A. Storer",
keywords = "Edit-distance",
keywords = "NP-complete",
keywords = "Bin packing problem",
keywords = "Longest common substring (LCS)"
}

@online{CodeMirror,
  author = {Haverbeke, Marijn},
  title = {{C}ode{M}irror},
  year = {2007},
  howpublished = "\url{https://codemirror.net/}",
  url = {http://codemirror.net/},
  note = "accessed Sept 28, 2017"
}

@book{Ellis1994,
author = {Rod Ellis},
title = {The Study of Second Language Acquisition},
publisher = {Oxford University Press},
address = {Oxford},
year = {1994}
}

@incollection{Granger2008,
  author      = "Granger, Sylviane",
  title       = "Learner Corpora",
  editor      = "Anke Lüdeling and Merja Kytö",
  booktitle   = "Corpus Linguistics. An International Handbook",
  volume = "1",
  publisher   = "Mouton de Gruyter",
  address     = "Berlin",
  year        = 2008,
  pages       = "259-275",
  chapter     = "15"
  }
  
@INPROCEEDINGS{ludeling05multi-levelerror,
    author = {Lüdeling, Anke and Walter, Maik and Kroymann, Emil and Adolphs, Peter},
    title = {Multi-level error annotation in learner corpora},
    booktitle = {{I}n {P}roceedings of {C}orpus {L}inguistics 2005},
    year = {2005}
}

@InProceedings{MERLIN2014,
  author = {Adriane Boyd and Jirka Hana and Lionel Nicolas and Detmar Meurers and Katrin Wisniewski and andrea Abel and Karin Schöne and Barbora Štindlová and Chiara Vettori},
  title={The {MERLIN} corpus: {L}earner {L}anguage and the {CEFR}},
  booktitle = {Proceedings of the Ninth International Conference on Language Resources and Evaluation (LREC'14)},
  year = {2014},
  _month = {may},
  date = {26-31},
  address = {Reykjavik, Iceland},
  editor = {Nicoletta Calzolari (Conference Chair) and Khalid Choukri and Thierry Declerck and Hrafn Loftsson and Bente Maegaard and Joseph Mariani and Asuncion Moreno and Jan Odijk and Stelios Piperidis},
  publisher = {European Language Resources Association (ELRA)},
  isbn = {978-2-9517408-8-4},
  language = {english}
 }

@misc{correctAnnotator,
    author = {Felix Hultin},
    title = {{C}orrect-{A}nnotator: {A}n {A}nnotation {T}ool for {L}earner {C}orpora},
    howpublished = {{CLARIN} {A}nnual {C}onference 2017 in {B}udapest, {H}ungary},
    year = {2017}
}

@article{Selinker1972,
title = "Interlanguage",
journal = "IRAL-International Review of Applied Linguistics",
volume = "10",
number = "3",
pages = "209-231",
year = "1972",
author = "L Selinker"
}

@article{sproat2016rnn,
  title = {{RNN Approaches to Text Normalization: A Challenge}},
  author= {Richard Sproat and Navdeep Jaitly},
  journal={arXiv preprint arXiv:1611.00068},
  year={2016}
}

@InProceedings{QAWI,
  author =  "Obeid, Ossama
        and Zaghouani, Wajdi
        and Mohit, Behrang
        and Habash, Nizar
        and Oflazer, Kemal
        and Tomeh, Nadi",
  title =   "{A} {W}eb-based {A}nnotation {F}ramework {F}or {L}arge-{S}cale {T}ext {C}orrection",
  booktitle =   "The Companion Volume of the Proceedings of IJCNLP 2013: System Demonstrations",
  year =    "2013",
  publisher =   "Asian Federation of Natural Language Processing",
  pages =   "1--4",
  location =    "Nagoya, Japan",
  url =     "http://aclanthology.coli.uni-saarland.de/pdf/I/I13/I13-2001.pdf"
}

@inproceedings{tenfjord2006ask,
  title={{The ASK corpus: A language learner corpus of Norwegian as a second language}},
  author={Tenfjord, Kari and Meurer, Paul and Hofland, Knut},
  booktitle={Proceedings of the 5th International Conference on Language Resources and Evaluation (LREC)},
  pages={1821--1824},
  year={2006}
}


